@article{Hogg2020,
  author        = {{Hogg}, David W. and {Price-Whelan}, Adrian M. and {Leistedt}, Boris},
  title         = {{Data Analysis Recipes: Products of multivariate Gaussians in Bayesian inferences}},
  journal       = {arXiv e-prints},
  keywords      = {Statistics - Computation, Astrophysics - Instrumentation and Methods for Astrophysics, Physics - Data Analysis, Statistics and Probability},
  year          = 2020,
  month         = may,
  eid           = {arXiv:2005.14199},
  pages         = {arXiv:2005.14199},
  doi           = {10.48550/arXiv.2005.14199},
  archiveprefix = {arXiv},
  eprint        = {2005.14199},
  primaryclass  = {stat.CO},
  adsurl        = {https://ui.adsabs.harvard.edu/abs/2020arXiv200514199H},
  adsnote       = {Provided by the SAO/NASA Astrophysics Data System}
}

@article{Isi2022,
  author        = {{Isi}, Maximiliano},
  title         = {{Parametrizing gravitational-wave polarizations}},
  journal       = {arXiv e-prints},
  keywords      = {General Relativity and Quantum Cosmology, Astrophysics - High Energy Astrophysical Phenomena},
  year          = 2022,
  month         = aug,
  eid           = {arXiv:2208.03372},
  pages         = {arXiv:2208.03372},
  doi           = {10.48550/arXiv.2208.03372},
  archiveprefix = {arXiv},
  eprint        = {2208.03372},
  primaryclass  = {gr-qc},
  adsurl        = {https://ui.adsabs.harvard.edu/abs/2022arXiv220803372I},
  adsnote       = {Provided by the SAO/NASA Astrophysics Data System}
}

@article{Luger2021,
  author        = { {Luger}, Rodrigo and {Bedell}, Megan and {Foreman-Mackey}, Daniel and {Crossfield}, Ian J.~M. and {Zhao}, Lily L. and {Hogg}, David W.},
  title         = {{Mapping stellar surfaces III: An Efficient, Scalable, and Open-Source Doppler Imaging Model}},
  journal       = {arXiv e-prints},
  keywords      = {Astrophysics - Solar and Stellar Astrophysics, Astrophysics - Earth and Planetary Astrophysics, Astrophysics - Instrumentation and Methods for Astrophysics},
  year          = 2021,
  month         = oct,
  eid           = {arXiv:2110.06271},
  pages         = {arXiv:2110.06271},
  archiveprefix = {arXiv},
  eprint        = {2110.06271},
  primaryclass  = {astro-ph.SR},
  adsurl        = {https://ui.adsabs.harvard.edu/abs/2021arXiv211006271L},
  adsnote       = {Provided by the SAO/NASA Astrophysics Data System}
}

